%YAML 1.1
%TAG !u! tag:unity3d.com,2011:
--- !u!241 &24100000
AudioMixerController:
  m_ObjectHideFlags: 0
  m_CorrespondingSourceObject: {fileID: 0}
  m_PrefabInstance: {fileID: 0}
  m_PrefabAsset: {fileID: 0}
  m_Name: AudioMixer
  m_OutputGroup: {fileID: 0}
  m_MasterGroup: {fileID: 24300002}
  m_Snapshots:
  - {fileID: 24500006}
  m_StartSnapshot: {fileID: 24500006}
  m_SuspendThreshold: -80
  m_EnableSuspend: 1
  m_UpdateMode: 0
  m_ExposedParameters:
  - guid: 777adba5917263342803a066631ee2a4
    name: BGM
  - guid: 65d4fb8b337cb814f8689c70483340dd
    name: SFX
  m_AudioMixerGroupViews:
  - guids:
    - 67d55b95f45f3f94f84f2e93ad974fd7
    - 0f385a8ccf6754648ab8e1558ef84a6d
    - 32c9533d49dc9cd49821375e77135f66
    name: View
  m_CurrentViewIndex: 0
  m_TargetSnapshot: {fileID: 24500006}
--- !u!243 &24300002
AudioMixerGroupController:
  m_ObjectHideFlags: 0
  m_CorrespondingSourceObject: {fileID: 0}
  m_PrefabInstance: {fileID: 0}
  m_PrefabAsset: {fileID: 0}
  m_Name: Master
  m_AudioMixer: {fileID: 24100000}
  m_GroupID: 67d55b95f45f3f94f84f2e93ad974fd7
  m_Children:
  - {fileID: 243401221353555226}
  - {fileID: 243963869963843908}
  m_Volume: 816078aab53f4624c9d720352938c27e
  m_Pitch: 1b28aecd3bb87f54684d55ea5ffe7893
  m_Effects:
  - {fileID: 24400004}
  m_UserColorIndex: 0
  m_Mute: 0
  m_Solo: 0
  m_BypassEffects: 0
--- !u!244 &24400004
AudioMixerEffectController:
  m_ObjectHideFlags: 3
  m_CorrespondingSourceObject: {fileID: 0}
  m_PrefabInstance: {fileID: 0}
  m_PrefabAsset: {fileID: 0}
  m_Name: 
  m_EffectID: e6cd8b9fcb360d84882d1361f02b14be
  m_EffectName: Attenuation
  m_MixLevel: 0b89bc1b343abf246bf8211afeff0a11
  m_Parameters: []
  m_SendTarget: {fileID: 0}
  m_EnableWetMix: 0
  m_Bypass: 0
--- !u!245 &24500006
AudioMixerSnapshotController:
  m_ObjectHideFlags: 0
  m_CorrespondingSourceObject: {fileID: 0}
  m_PrefabInstance: {fileID: 0}
  m_PrefabAsset: {fileID: 0}
  m_Name: Snapshot
  m_AudioMixer: {fileID: 24100000}
  m_SnapshotID: cdbcaf0f2eee19a4aad9590a3989dd51
  m_FloatValues: {}
  m_TransitionOverrides: {}
--- !u!243 &243401221353555226
AudioMixerGroupController:
  m_ObjectHideFlags: 0
  m_CorrespondingSourceObject: {fileID: 0}
  m_PrefabInstance: {fileID: 0}
  m_PrefabAsset: {fileID: 0}
  m_Name: BGM
  m_AudioMixer: {fileID: 24100000}
  m_GroupID: 0f385a8ccf6754648ab8e1558ef84a6d
  m_Children: []
  m_Volume: 777adba5917263342803a066631ee2a4
  m_Pitch: 29d22bdcf8f0bf247a134948d5f80aa4
  m_Effects:
  - {fileID: 244287418021552974}
  m_UserColorIndex: 1
  m_Mute: 0
  m_Solo: 0
  m_BypassEffects: 0
--- !u!243 &243963869963843908
AudioMixerGroupController:
  m_ObjectHideFlags: 0
  m_CorrespondingSourceObject: {fileID: 0}
  m_PrefabInstance: {fileID: 0}
  m_PrefabAsset: {fileID: 0}
  m_Name: SFX
  m_AudioMixer: {fileID: 24100000}
  m_GroupID: 32c9533d49dc9cd49821375e77135f66
  m_Children: []
  m_Volume: 65d4fb8b337cb814f8689c70483340dd
  m_Pitch: a15d00bee5c4bbb45ae0f48a94022c6c
  m_Effects:
  - {fileID: 244410578459062552}
  m_UserColorIndex: 0
  m_Mute: 0
  m_Solo: 0
  m_BypassEffects: 0
--- !u!244 &244287418021552974
AudioMixerEffectController:
  m_ObjectHideFlags: 3
  m_CorrespondingSourceObject: {fileID: 0}
  m_PrefabInstance: {fileID: 0}
  m_PrefabAsset: {fileID: 0}
  m_Name: 
  m_EffectID: 64741d2d8fd971547a4069df3eef3344
  m_EffectName: Attenuation
  m_MixLevel: b87f220dfdeabab4bb16c6d8015c3db9
  m_Parameters: []
  m_SendTarget: {fileID: 0}
  m_EnableWetMix: 0
  m_Bypass: 0
--- !u!244 &244410578459062552
AudioMixerEffectController:
  m_ObjectHideFlags: 3
  m_CorrespondingSourceObject: {fileID: 0}
  m_PrefabInstance: {fileID: 0}
  m_PrefabAsset: {fileID: 0}
  m_Name: 
  m_EffectID: cb357fe945e98a148aac6ce4d84fa82e
  m_EffectName: Attenuation
  m_MixLevel: 1267eb601fe7075499301a26e7311cc0
  m_Parameters: []
  m_SendTarget: {fileID: 0}
  m_EnableWetMix: 0
  m_Bypass: 0
